<record><leader>00000cas a2200000 a 4500</leader><controlfield tag="001">8823540</controlfield><controlfield tag="008">821001d18601882nyuwr ne      0    0eng c</controlfield><datafield ind1=" " ind2=" " tag="010"><subfield code="a">sn 93062870 </subfield></datafield><datafield ind1=" " ind2=" " tag="040"><subfield code="a">QPR</subfield><subfield code="b">eng</subfield><subfield code="c">QPR</subfield><subfield code="d">YOX</subfield><subfield code="d">CNK</subfield><subfield code="d">NVF</subfield><subfield code="d">OCL</subfield><subfield code="d">DLC</subfield><subfield code="d">CRL</subfield><subfield code="d">OCLCQ</subfield><subfield code="d">OCLCA</subfield><subfield code="d">OCLCF</subfield><subfield code="d">OCLCO</subfield></datafield><datafield ind1="1" ind2=" " tag="029"><subfield code="a">AU@</subfield><subfield code="b">000010000066</subfield></datafield><datafield ind1=" " ind2=" " tag="042"><subfield code="a">pcc</subfield></datafield><datafield ind1=" " ind2=" " tag="043"><subfield code="a">n-us-ny</subfield></datafield><datafield ind1=" " ind2=" " tag="090"><subfield code="a">BX8201</subfield><subfield code="b">.M25</subfield></datafield><datafield ind1="0" ind2=" " tag="130"><subfield code="a">Methodist (New York, N.Y.)</subfield></datafield><datafield ind1="1" ind2="4" tag="245"><subfield code="a">The Methodist.</subfield></datafield><datafield ind1=" " ind2=" " tag="260"><subfield code="a">New-York [N.Y.] :</subfield><subfield code="b">Lemuel Bangs,</subfield><subfield code="c">1860-1882.</subfield></datafield><datafield ind1=" " ind2=" " tag="300"><subfield code="a">v.</subfield></datafield><datafield ind1=" " ind2=" " tag="310"><subfield code="a">Weekly</subfield></datafield><datafield ind1="0" ind2=" " tag="362"><subfield code="a">Vol. 1, no. 1 (July 14, 1860)-v. 23, no. 40 (Oct. 7, 1882).</subfield></datafield><datafield ind1="2" ind2="0" tag="610"><subfield code="a">Methodist Episcopal Church</subfield><subfield code="v">Newspapers.</subfield></datafield><datafield ind1=" " ind2="0" tag="650"><subfield code="a">Methodists</subfield><subfield code="z">New York (State)</subfield><subfield code="z">New York</subfield><subfield code="v">Newspapers.</subfield></datafield><datafield ind1=" " ind2="0" tag="651"><subfield code="a">New York (N.Y.)</subfield><subfield code="v">Newspapers.</subfield></datafield><datafield ind1=" " ind2="7" tag="655"><subfield code="a">Newspapers.</subfield><subfield code="2">fast</subfield><subfield code="0">(OCoLC)fst01423814</subfield></datafield><datafield ind1="2" ind2="7" tag="610"><subfield code="a">Methodist Episcopal Church.</subfield><subfield code="2">fast</subfield><subfield code="0">(OCoLC)fst00541689</subfield></datafield><datafield ind1=" " ind2="7" tag="650"><subfield code="a">Methodists.</subfield><subfield code="2">fast</subfield><subfield code="0">(OCoLC)fst01018703</subfield></datafield><datafield ind1=" " ind2="7" tag="651"><subfield code="a">New York (State)</subfield><subfield code="z">New York.</subfield><subfield code="2">fast</subfield><subfield code="0">(OCoLC)fst01204333</subfield></datafield><datafield ind1=" " ind2=" " tag="752"><subfield code="a">United States</subfield><subfield code="b">New York</subfield><subfield code="c">New York</subfield><subfield code="d">New York.</subfield></datafield><datafield ind1="0" ind2="4" tag="785"><subfield code="t">Christian advocate (New York, N.Y. : 1866)</subfield><subfield code="x">2157-569X</subfield><subfield code="w">(DLC)sn 97066043</subfield><subfield code="w">(OCoLC)6674468</subfield></datafield></record>